<record><leader>00000cas a22000007a 4500</leader><controlfield tag="001">14224813</controlfield><controlfield tag="008">860916d190219uutxuwr ne      0    0eng d</controlfield><datafield ind1=" " ind2=" " tag="010"><subfield code="a">sn 86088985 </subfield></datafield><datafield ind1=" " ind2=" " tag="040"><subfield code="a">PPM</subfield><subfield code="b">eng</subfield><subfield code="c">PPM</subfield><subfield code="d">OCL</subfield><subfield code="d">OCLCQ</subfield></datafield><datafield ind1=" " ind2=" " tag="042"><subfield code="a">msc</subfield></datafield><datafield ind1="0" ind2="4" tag="245"><subfield code="a">The Mullin enterprise.</subfield></datafield><datafield ind1=" " ind2=" " tag="260"><subfield code="a">Mullin, Tex. :</subfield><subfield code="b">R.H. Patterson</subfield></datafield><datafield ind1=" " ind2=" " tag="300"><subfield code="a">v. :</subfield><subfield code="b">ill.</subfield></datafield><datafield ind1=" " ind2=" " tag="310"><subfield code="a">Weekly</subfield></datafield><datafield ind1="1" ind2=" " tag="362"><subfield code="a">Began in 1902.</subfield></datafield><datafield ind1=" " ind2=" " tag="588"><subfield code="a">Description based on: Vol. 29, no. 2 (Mar. 12, 1931).</subfield></datafield><datafield ind1=" " ind2=" " tag="752"><subfield code="a">United States</subfield><subfield code="b">Texas</subfield><subfield code="c">Mills</subfield><subfield code="d">Mullin.</subfield></datafield><datafield ind1="0" ind2="4" tag="785"><subfield code="t">Goldthwaite eagle</subfield><subfield code="w">(DLC)sn 86064210</subfield></datafield></record>